<?xml version="1.0" encoding="UTF-8"?><collection><record><leader>06194ntm a2200577 a 4500</leader><controlfield tag="001">006806832</controlfield><controlfield tag="003">MiAaHDL</controlfield><controlfield tag="005">20190719000000.0</controlfield><controlfield tag="006">m        d        </controlfield><controlfield tag="007">cr bn ---auaua</controlfield><controlfield tag="008">090603s1781    xx            00| ||ara d</controlfield><datafield tag="035" ind1=" " ind2=" "><subfield code="a">(MiU)006806832</subfield></datafield><datafield tag="035" ind1=" " ind2=" "><subfield code="a">sdr-miu006806832</subfield></datafield><datafield tag="040" ind1=" " ind2=" "><subfield code="a">MiU</subfield><subfield code="c">MiU</subfield><subfield code="e">amremm</subfield></datafield><datafield tag="043" ind1=" " ind2=" "><subfield code="a">n-us-mi</subfield></datafield><datafield tag="100" ind1="1" ind2=" "><subfield code="6">880-01</subfield><subfield code="a">Tirmidhī, Muḥammad ibn ʻĪsá,</subfield><subfield code="d">-892.</subfield></datafield><datafield tag="240" ind1="1" ind2="0"><subfield code="6">880-02</subfield><subfield code="a">Shamāʼil</subfield></datafield><datafield tag="245" ind1="1" ind2="0"><subfield code="6">880-03</subfield><subfield code="a">[Kitāb al-Shamāʼil,</subfield><subfield code="f">ca. 1781].</subfield></datafield><datafield tag="246" ind1="3" ind2=" "><subfield code="i">Title from inscription on front flyleaf (p.3):</subfield><subfield code="a">شمائل الترمذي</subfield></datafield><datafield tag="246" ind1="3" ind2=" "><subfield code="i">Title from inscription on front flyleaf (p.3):</subfield><subfield code="a">شمائل شريف</subfield></datafield><datafield tag="260" ind1=" " ind2=" "><subfield code="c">[ca. 1781].</subfield></datafield><datafield tag="300" ind1=" " ind2=" "><subfield code="a">81 leaves :</subfield><subfield code="b">paper ;</subfield><subfield code="c">217 x 135 (147 x 70) mm.</subfield></datafield><datafield tag="500" ind1=" " ind2=" "><subfield code="a">Shelfmark: Ann Arbor, University of Michigan, Special Collections Library, Isl. Ms. 488</subfield></datafield><datafield tag="500" ind1=" " ind2=" "><subfield code="a">Origin: Lacks dated colophon ; paper, etc. suggest late 18th century, ca. 1781.</subfield></datafield><datafield tag="500" ind1=" " ind2=" "><subfield code="a">Accompanying materials: a. Acquisitions slip from Yahuda (pp.1-2).</subfield></datafield><datafield tag="500" ind1=" " ind2=" "><subfield code="a">Former shelfmark: From inner front cover and spine label, "IL 231" (likely supplied by Yahuda, see acquisitions slip).</subfield></datafield><datafield tag="500" ind1=" " ind2=" "><subfield code="a">Binding: Pasteboards covered in quite dark red leather ; Type II binding (with flap) ; board linings in untinted European laid paper (watermark visible in lower board lining) ; upper and lower covers carry tooled border with rosette like accents ; sewn in light yellow or pink thread, two stations ; worked chevron endbands in brown and cream, only tail band remains ; overall in fair condition with some staining, abrasion, losses of leather at fore edge flap, etc.</subfield></datafield><datafield tag="500" ind1=" " ind2=" "><subfield code="a">Support: European laid paper mainly with alternating bifolia tinted dull-yellow ; untinted leaves with 11 laid lines per cm. (vertical), chain lines spaced 27-28 mm. apart (horizontal), and watermarks including "ALMASSO" (see p.10), arms / scrollwork with crown above (see p.14), and "G M" (see p.20), crisp, thin and transluscent, well-burnished ; dull-yellow paper with 10 laid lines per cm. (vertical), chain lines spaced 26-28 mm. apart (horizontal), and watermarks including circle with three fleurs de lis and crown above (see p.16), "L POLVARET DE IZERON 1780" (see p.22) and "L POLVARET DE IZERON 1781" (see p.26), thin, transluscent and well-burnished ; another type with 9-10 laid lines per cm. (vertical), chain lines spaced 24-26 mm. apart (horizontal), and grapes (raisin) below crown watermark (see p.102) ; another type with 10 laid lines per cm. (vertical), chain lines spaced 21-22 mm. apart (horizontal) and three stylized hats watermark (see p.156, 157, etc.) ; flyleaves in a paper with watermark of cross flanked by lions with circles below ("B A" in one circle).</subfield></datafield><datafield tag="500" ind1=" " ind2=" "><subfield code="a">Decoration: Keywords and abbreviation symbols (mainly two-teeth stroke) rubricated.</subfield></datafield><datafield tag="500" ind1=" " ind2=" "><subfield code="a">Script: Naskh ; elegant 'Ottoman' or Iraqi [?] hand in a narrow to medium line, initially smaller and from p.50 or so larger but also somewhat denser though sweeping ; partially seriffed with right-sloping head-serif on virtually all ascenders excepting free-standing alif, effect of tilt to the left, curvilinear descenders, pointing (for two and three dots) in strokes or conjoined dots, some elongation of horizontal strokes.</subfield></datafield><datafield tag="500" ind1=" " ind2=" "><subfield code="a">Layout: Written in 17 lines per page ; frame-ruled (impression of ruling board evident).</subfield></datafield><datafield tag="500" ind1=" " ind2=" "><subfield code="a">Collation: i, V+1 (11), 7 V(81), i ; Chiefly quinions ; catchwords present ; pagination in pencil, Western numerals, supplied during digitization (includes insert and flyleaves).</subfield></datafield><datafield tag="500" ind1=" " ind2=" "><subfield code="a">Explicit: "حدثنا محمد بن علي اخبرنا النضر اخبرني ابن عون عن ابن سيرين قال هذا الحديث دين فانظروا عمن تاخذون دينكم تمت الكتاب بعون الله الملك الوهاب الواهبين"</subfield></datafield><datafield tag="500" ind1=" " ind2=" "><subfield code="a">Incipit: "الحمد لله وسلام على عباده الذين اصطفى قال الشيخ الحافظ ابو عيسى محمد بن عيسى بن سورة الرمدى [الترمذي] رحمه الله باب ما جاء في خلق النبي صلى الله عليه وسلم حدثنا ابو رجاء قتيبة بن سعيد عن مالك بن انس عن ربيعة بن ابي عبد الرحمن عن انس بن مالك رضي الله عنه انه سمعه يقول كان رسول الله صلى الله عليه وسلم ليس بالطويل البائن ولا بالقصير وليس بالابيطر [بالابيض] الامهق ولا بالادم ..."</subfield></datafield><datafield tag="500" ind1=" " ind2=" "><subfield code="a">Title supplied by cataloguer.</subfield></datafield><datafield tag="500" ind1=" " ind2=" "><subfield code="a">Ms. codex.</subfield></datafield><datafield tag="510" ind1="4" ind2=" "><subfield code="a">Ḥājjī Khalīfah. Kashf al-ẓunūn,</subfield><subfield code="c">iv 70</subfield></datafield><datafield tag="510" ind1="4" ind2=" "><subfield code="a">Brockelmann, C. GAL,</subfield><subfield code="c">I 161-2 (II.) ; S I 267</subfield></datafield><datafield tag="520" ind1="8" ind2=" "><subfield code="a">Fine copy of al-Tirmidhī’s collection of traditions comprising the Prophet’s characteristics.</subfield></datafield><datafield tag="538" ind1=" " ind2=" "><subfield code="a">Mode of access: Internet.</subfield></datafield><datafield tag="541" ind1=" " ind2=" "><subfield code="a">Acquired in 1926 from the bookseller Isaac Benjamin S.E. Yahuda via purchase transacted on his behalf by Abraham Shalom Yahuda (1877-1951), his younger brother.</subfield></datafield><datafield tag="546" ind1=" " ind2=" "><subfield code="a">Arabic.</subfield></datafield><datafield tag="561" ind1=" " ind2=" "><subfield code="a">Bequest / gift statement on front flyleaf (p.3) in name of Derviş-i Gülşenî Mehmet Sait Edirnevî (Darwīsh Gulshanī Muḥammad Saʻīd Adirnawī /درويش كلشنى محمد سعيد ادرنوي) to Muḥammad al-Hāshimī [?] Gulshanī ( محمد الهاشمي كلشنى ) statement reads "درويش كلشنى محمد سعيد ادرنوى حافظ شمائل شريف حضريه نبوي الى محمد الهاشمى [؟] كلشنى هدية" ; fairly clean copy.</subfield></datafield><datafield tag="600" ind1="0" ind2="0"><subfield code="a">Muḥammad,</subfield><subfield code="c">Prophet,</subfield><subfield code="d">-632</subfield><subfield code="v">Biography</subfield><subfield code="v">Early works to 1800.</subfield></datafield><datafield tag="650" ind1=" " ind2="0"><subfield code="a">Manuscripts, Arabic</subfield><subfield code="z">Michigan</subfield><subfield code="z">Ann Arbor.</subfield></datafield><datafield tag="650" ind1=" " ind2="0"><subfield code="a">Hadith</subfield><subfield code="x">Criticism, interpretation, etc.</subfield><subfield code="v">Early works to 1800.</subfield></datafield><datafield tag="650" ind1=" " ind2="0"><subfield code="a">Hadith</subfield><subfield code="v">Texts</subfield><subfield code="v">Early works to 1800.</subfield></datafield><datafield tag="773" ind1="0" ind2=" "><subfield code="a">Yahuda Collection.</subfield></datafield><datafield tag="880" ind1="1" ind2="0"><subfield code="6">245-03/</subfield><subfield code="a">[كتاب الشمائل,</subfield><subfield code="f">ح. 1781م].</subfield></datafield><datafield tag="880" ind1="1" ind2="0"><subfield code="6">240-02/</subfield><subfield code="a">شمائل</subfield></datafield><datafield tag="880" ind1="1" ind2=" "><subfield code="6">100-01/</subfield><subfield code="a">ترمذي، محمد بن عيسى.</subfield></datafield><datafield tag="CID" ind1=" " ind2=" "><subfield code="a">006806832</subfield></datafield><datafield tag="DAT" ind1="0" ind2=" "><subfield code="a">20190719102637.0</subfield><subfield code="b">20190719000000.0</subfield></datafield><datafield tag="DAT" ind1="1" ind2=" "><subfield code="a">20190719090653.0</subfield><subfield code="b">2019-07-19T16:10:28Z</subfield></datafield><datafield tag="DAT" ind1="2" ind2=" "><subfield code="a">2015-10-10T18:00:06Z</subfield></datafield><datafield tag="CAT" ind1=" " ind2=" "><subfield code="a">SDR-MIU</subfield><subfield code="d">EX LIBRIS - ALEPH</subfield><subfield code="l">prepare.pl-004-008</subfield></datafield><datafield tag="FMT" ind1=" " ind2=" "><subfield code="a">BK</subfield></datafield><datafield tag="HOL" ind1=" " ind2=" "><subfield code="0">sdr-miu006806832</subfield><subfield code="a">MiU</subfield><subfield code="b">SDR</subfield><subfield code="c">MIU</subfield><subfield code="p">mdp.39015079128008</subfield><subfield code="s">MIU</subfield><subfield code="1">006806832</subfield></datafield><datafield tag="974" ind1=" " ind2=" "><subfield code="b">MIU</subfield><subfield code="c">MIU</subfield><subfield code="d">20190719</subfield><subfield code="s">lit-dlps-dc</subfield><subfield code="u">mdp.39015079128008</subfield><subfield code="y">1781</subfield><subfield code="r">pd</subfield><subfield code="q">bib</subfield><subfield code="t">non-US bib date1 &lt; 1879</subfield></datafield></record></collection>